@inproceedings{woodruff1998constant,
  title={Constant density visualizations of non-uniform distributions of data},
  author={Woodruff, Allison and Landay, James and Stonebraker, Michael},
  booktitle={Proceedings of the 11th annual ACM symposium on User interface software and technology},
  pages={19--28},
  year={1998}
}

@article{dang2010stacking,
  title={Stacking graphic elements to avoid over-plotting},
  author={Dang, Tuan Nhon and Wilkinson, Leland and Anand, Anushka},
  journal={IEEE Transactions on Visualization and Computer Graphics},
  volume={16},
  number={6},
  pages={1044--1052},
  year={2010},
  publisher={IEEE}
}

@article{lee2012ieee,
  title={IEEE transactions on visualization and computer graphics},
  author={Lee, S and Sips, M and Seidel, H},
  year={2012}
}

@article{mayorga2013splatterplots,
  title={Splatterplots: Overcoming overdraw in scatter plots},
  author={Mayorga, Adrian and Gleicher, Michael},
  journal={IEEE transactions on visualization and computer graphics},
  volume={19},
  number={9},
  pages={1526--1538},
  year={2013},
  publisher={IEEE}
}

@article{carr1987scatterplot,
  title={Scatterplot matrix techniques for large N},
  author={Carr, Daniel B and Littlefield, Richard J and Nicholson, WL and Littlefield, JS},
  journal={Journal of the American Statistical Association},
  volume={82},
  number={398},
  pages={424--436},
  year={1987},
  publisher={Taylor \& Francis}
}

@inproceedings{lehmann2012selecting,
  title={Selecting coherent and relevant plots in large scatterplot matrices},
  author={Lehmann, Dirk J and Albuquerque, Georgia and Eisemann, Martin and Magnor, Marcus and Theisel, Holger},
  booktitle={Computer Graphics Forum},
  volume={31},
  number={6},
  pages={1895--1908},
  year={2012},
  organization={Wiley Online Library}
}

@article{sharma2012determining,
  title={Determining similarity in histological images using graph-theoretic description and matching methods for content-based image retrieval in medical diagnostics},
  author={Sharma, Harshita and Alekseychuk, Alexander and Leskovsky, Peter and Hellwich, Olaf and Anand, Radhey Shyam and Zerbe, Norman and Hufnagl, Peter},
  journal={Diagnostic pathology},
  volume={7},
  number={1},
  pages={1--20},
  year={2012},
  publisher={BioMed Central}
}

@book{keim1998gridfit,
  title={The gridfit algorithm: An efficient and effective approach to visualizing large amounts of spatial data},
  author={Keim, Daniel A and Herrmann, Annemarie},
  year={1998},
  publisher={IEEE}
}

@article{shao2016guiding,
  title={Guiding the exploration of scatter plot data using motif-based interest measures},
  author={Shao, Lin and Schleicher, Timo and Behrisch, Michael and Schreck, Tobias and Sipiran, Ivan and Keim, Daniel A},
  journal={Journal of Visual Languages \& Computing},
  volume={36},
  pages={1--12},
  year={2016},
  publisher={Elsevier}
}

@book{gladwin1989ethnographic,
  title={Ethnographic decision tree modeling},
  author={Gladwin, Christina H},
  volume={19},
  year={1989},
  publisher={Sage}
}

@article{gibbons1997introduction,
  title={An introduction to applicable game theory},
  author={Gibbons, Robert},
  journal={Journal of Economic Perspectives},
  volume={11},
  number={1},
  pages={127--149},
  year={1997},
  publisher={American Economic Association}
}

@article{beck2005ethnographic,
  title={Ethnographic decision tree modeling: A research method for counseling psychology.},
  author={Beck, Kirk A},
  journal={Journal of Counseling Psychology},
  volume={52},
  number={2},
  pages={243},
  year={2005},
  publisher={American Psychological Association}
}

@article{harrison2018selecting,
  title={Selecting methods for ecosystem service assessment: A decision tree approach},
  author={Harrison, Paula A and Dunford, Rob and Barton, David N and Kelemen, Eszter and Mart{\'\i}n-L{\'o}pez, Berta and Norton, Lisa and Termansen, Mette and Saarikoski, Heli and Hendriks, Kees and G{\'o}mez-Baggethun, Erik and others},
  journal={Ecosystem services},
  volume={29},
  pages={481--498},
  year={2018},
  publisher={Elsevier}
}

@inproceedings{armengol2020decision,
  title={Decision Trees as a tool for Data analysis. Elections in Barcelona: A case Study},
  author={Armengol, Eva and Garc{\'\i}a-Cerda{\~n}a, {\`A}ngel},
  booktitle={Modeling Decisions for Artificial Intelligence: 17th International Conference, MDAI 2020, Sant Cugat, Spain, September 2--4, 2020, Proceedings 17},
  pages={261--272},
  year={2020},
  organization={Springer}
}

@misc{joynersimulating,
  title={Simulating electoral college results using ranked choice voting if a strong third party candidate were in the election race},
  author={Joyner, NJ and Joyner, ML}
}