@inproceedings{woodruff1998constant,
  title={Constant density visualizations of non-uniform distributions of data},
  author={Woodruff, Allison and Landay, James and Stonebraker, Michael},
  booktitle={Proceedings of the 11th annual ACM symposium on User interface software and technology},
  pages={19--28},
  year={1998}
}

@article{dang2010stacking,
  title={Stacking graphic elements to avoid over-plotting},
  author={Dang, Tuan Nhon and Wilkinson, Leland and Anand, Anushka},
  journal={IEEE Transactions on Visualization and Computer Graphics},
  volume={16},
  number={6},
  pages={1044--1052},
  year={2010},
  publisher={IEEE}
}

@article{lee2012ieee,
  title={IEEE transactions on visualization and computer graphics},
  author={Lee, S and Sips, M and Seidel, H},
  year={2012}
}

@article{mayorga2013splatterplots,
  title={Splatterplots: Overcoming overdraw in scatter plots},
  author={Mayorga, Adrian and Gleicher, Michael},
  journal={IEEE transactions on visualization and computer graphics},
  volume={19},
  number={9},
  pages={1526--1538},
  year={2013},
  publisher={IEEE}
}

@article{carr1987scatterplot,
  title={Scatterplot matrix techniques for large N},
  author={Carr, Daniel B and Littlefield, Richard J and Nicholson, WL and Littlefield, JS},
  journal={Journal of the American Statistical Association},
  volume={82},
  number={398},
  pages={424--436},
  year={1987},
  publisher={Taylor \& Francis}
}

@inproceedings{lehmann2012selecting,
  title={Selecting coherent and relevant plots in large scatterplot matrices},
  author={Lehmann, Dirk J and Albuquerque, Georgia and Eisemann, Martin and Magnor, Marcus and Theisel, Holger},
  booktitle={Computer Graphics Forum},
  volume={31},
  number={6},
  pages={1895--1908},
  year={2012},
  organization={Wiley Online Library}
}

@article{sharma2012determining,
  title={Determining similarity in histological images using graph-theoretic description and matching methods for content-based image retrieval in medical diagnostics},
  author={Sharma, Harshita and Alekseychuk, Alexander and Leskovsky, Peter and Hellwich, Olaf and Anand, Radhey Shyam and Zerbe, Norman and Hufnagl, Peter},
  journal={Diagnostic pathology},
  volume={7},
  number={1},
  pages={1--20},
  year={2012},
  publisher={BioMed Central}
}

@book{keim1998gridfit,
  title={The gridfit algorithm: An efficient and effective approach to visualizing large amounts of spatial data},
  author={Keim, Daniel A and Herrmann, Annemarie},
  year={1998},
  publisher={IEEE}
}

@article{shao2016guiding,
  title={Guiding the exploration of scatter plot data using motif-based interest measures},
  author={Shao, Lin and Schleicher, Timo and Behrisch, Michael and Schreck, Tobias and Sipiran, Ivan and Keim, Daniel A},
  journal={Journal of Visual Languages \& Computing},
  volume={36},
  pages={1--12},
  year={2016},
  publisher={Elsevier}
}